
@inproceedings{Jensen:2009:GMB:1590953.1591000,
 author = {Jensen, Christian S. and Lu, Hua and Yang, Bin},
 title = {Graph Model Based Indoor Tracking},
 booktitle = {Proceedings of the 2009 Tenth International Conference on Mobile Data Management: Systems, Services and Middleware},
 series = {MDM '09},
 year = {2009},
 isbn = {978-0-7695-3650-7},
 pages = {122--131},
 numpages = {10},
 url = {http://dx.doi.org/10.1109/MDM.2009.23},
 doi = {10.1109/MDM.2009.23},
 acmid = {1591000},
 publisher = {IEEE Computer Society},
 address = {Washington, DC, USA},
} 

@INPROCEEDINGS{6068444, 
author={Baniukevic, A. and Sabonis, D. and Jensen, Christian S. and Hua Lu}, 
booktitle={Mobile Data Management (MDM), 2011 12th IEEE International Conference on}, title={Improving Wi-Fi Based Indoor Positioning Using Bluetooth Add-Ons}, 
year={2011}, 
volume={1}, 
pages={246-255}, 
keywords={Bluetooth;indoor radio;mobility management (mobile radio);radiofrequency identification;wireless LAN;Bluetooth add-ons;Bluetooth hotspots;RFID;Wi-Fi;indoor location-based services;indoor positioning service;mobile service;online position estimation algorithm;system architecture;Accuracy;Bluetooth;Estimation;IEEE 802.11 Standards;Radiofrequency identification;Wireless communication;Wireless sensor networks}, 
doi={10.1109/MDM.2011.50},}


@inproceedings{Bell2010,
 author = {Bell, Scott and Jung, Wook Rak and Krishnakumar, Vishwa},
 title = {WiFi-based enhanced positioning systems: accuracy through mapping, calibration, and classification},
 booktitle = {Proceedings of the 2nd ACM SIGSPATIAL International Workshop on Indoor Spatial Awareness},
 series = {ISA '10},
 year = {2010},
 isbn = {978-1-4503-0433-7},
 location = {San Jose, California},
 pages = {3--9},
 numpages = {7},
 url = {http://doi.acm.org/10.1145/1865885.1865888},
 doi = {10.1145/1865885.1865888},
 acmid = {1865888},
 publisher = {ACM},
 address = {New York, NY, USA},
 keywords = {WLAN coverage, WiFi mapping, WiFi-based positioning
 system, location based services (LBS), trilateration},
} 


@INPROCEEDINGS{832252, 
author={Bahl, P. and Padmanabhan, V.N.}, 
booktitle={INFOCOM 2000. Nineteenth Annual Joint Conference of the IEEE Computer and Communications Societies. Proceedings. IEEE}, title={RADAR: an in-building RF-based user location and tracking system}, 
year={2000}, 
volume={2}, 
pages={775-784 vol.2}, 
keywords={mobile computing;radio tracking;radiowave propagation;signal processing;wireless LAN;RADAR;RF-based tracking system;in-building tracking system;local-area wireless networks;location-aware systems;mobile computing devices;multiple base stations;overlapping coverage;signal propagation modeling;signal strength processing;user location;Base stations;Computer networks;Global Positioning System;Mobile computing;Radar signal processing;Radar tracking;Radio frequency;Signal processing;Wireless LAN;Wireless networks}, 
doi={10.1109/INFCOM.2000.832252}, 
ISSN={0743-166X},}


@incollection{mlws,
year={2009},
isbn={978-3-642-03818-1},
booktitle={Mobile Lightweight Wireless Systems},
volume={13},
series={Lecture Notes of the Institute for Computer Sciences, Social Informatics and Telecommunications Engineering},
editor={Granelli, Fabrizio and Skianis, Charalabos and Chatzimisios, Periklis and Xiao, Yang and Redana, Simone},
doi={10.1007/978-3-642-03819-8_35},
title={Efficient and Accurate WLAN Positioning with Weighted Graphs},
url={http://dx.doi.org/10.1007/978-3-642-03819-8_35},
publisher={Springer Berlin Heidelberg},
author={Hansen, Ren√© and Thomsen, Bent},
pages={372-386}
}


@ARTICLE{5388848, 
author={Xiang, Z. and Song, S. and Chen, J. and Wang, H. and Huang, J. and Gao, X.}, 
journal={IBM Journal of Research and Development}, title={A wireless LAN-based indoor positioning technology}, 
year={2004}, 
volume={48}, 
number={5.6}, 
pages={617-626}, 
doi={10.1147/rd.485.0617}, 
ISSN={0018-8646},}
