
@MISC{bolt,
   author = "Wikipedia",
	 url = {\url{http://en.wikipedia.org/wiki/Usain_Bolt#Average_speed}},
   note = "Jason Bolts average speed in 100 meter 2009",
   year = 2009
   }

@inproceedings{Jensen:2009:GMB:1590953.1591000,
 author = {Jensen, Christian S. and Lu, Hua and Yang, Bin},
 title = {Graph Model Based Indoor Tracking},
 booktitle = {Proceedings of the 2009 Tenth International Conference on Mobile Data Management: Systems, Services and Middleware},
 series = {MDM '09},
 year = {2009},
 isbn = {978-0-7695-3650-7},
 pages = {122--131},
 numpages = {10},
 url = {http://dx.doi.org/10.1109/MDM.2009.23},
 doi = {10.1109/MDM.2009.23},
 acmid = {1591000},
 publisher = {IEEE Computer Society},
 address = {Washington, DC, USA},
} 

@INPROCEEDINGS{6068444, 
author={Baniukevic, A. and Sabonis, D. and Jensen, Christian S. and Hua Lu}, 
booktitle={Mobile Data Management (MDM), 2011 12th IEEE International Conference on}, title={Improving Wi-Fi Based Indoor Positioning Using Bluetooth Add-Ons}, 
year={2011}, 
volume={1}, 
pages={246-255}, 
keywords={Bluetooth;indoor radio;mobility management (mobile radio);radiofrequency identification;wireless LAN;Bluetooth add-ons;Bluetooth hotspots;RFID;Wi-Fi;indoor location-based services;indoor positioning service;mobile service;online position estimation algorithm;system architecture;Accuracy;Bluetooth;Estimation;IEEE 802.11 Standards;Radiofrequency identification;Wireless communication;Wireless sensor networks}, 
doi={10.1109/MDM.2011.50},}


@inproceedings{Bell2010,
 author = {Bell, Scott and Jung, Wook Rak and Krishnakumar, Vishwa},
 title = {WiFi-based enhanced positioning systems: accuracy through mapping, calibration, and classification},
 booktitle = {Proceedings of the 2nd ACM SIGSPATIAL International Workshop on Indoor Spatial Awareness},
 series = {ISA '10},
 year = {2010},
 isbn = {978-1-4503-0433-7},
 location = {San Jose, California},
 pages = {3--9},
 numpages = {7},
 url = {http://doi.acm.org/10.1145/1865885.1865888},
 doi = {10.1145/1865885.1865888},
 acmid = {1865888},
 publisher = {ACM},
 address = {New York, NY, USA},
 keywords = {WLAN coverage, WiFi mapping, WiFi-based positioning
 system, location based services (LBS), trilateration},
} 


@INPROCEEDINGS{radarlf, 
author={Bahl, P. and Padmanabhan, V.N.}, 
booktitle={INFOCOM 2000. Nineteenth Annual Joint Conference of the IEEE Computer and Communications Societies. Proceedings. IEEE}, title={RADAR: an in-building RF-based user location and tracking system}, 
year={2000}, 
volume={2}, 
pages={775-784 vol.2}, 
keywords={mobile computing;radio tracking;radiowave propagation;signal processing;wireless LAN;RADAR;RF-based tracking system;in-building tracking system;local-area wireless networks;location-aware systems;mobile computing devices;multiple base stations;overlapping coverage;signal propagation modeling;signal strength processing;user location;Base stations;Computer networks;Global Positioning System;Mobile computing;Radar signal processing;Radar tracking;Radio frequency;Signal processing;Wireless LAN;Wireless networks}, 
doi={10.1109/INFCOM.2000.832252}, 
ISSN={0743-166X},}


@incollection{mlws,
year={2009},
isbn={978-3-642-03818-1},
booktitle={Mobile Lightweight Wireless Systems},
volume={13},
series={Lecture Notes of the Institute for Computer Sciences, Social Informatics and Telecommunications Engineering},
editor={Granelli, Fabrizio and Skianis, Charalabos and Chatzimisios, Periklis and Xiao, Yang and Redana, Simone},
doi={10.1007/978-3-642-03819-8_35},
title={Efficient and Accurate WLAN Positioning with Weighted Graphs},
url={http://dx.doi.org/10.1007/978-3-642-03819-8_35},
publisher={Springer Berlin Heidelberg},
author={Hansen, René and Thomsen, Bent},
pages={372-386}
}


@ARTICLE{5388848, 
author={Xiang, Z. and Song, S. and Chen, J. and Wang, H. and Huang, J. and Gao, X.}, 
journal={IBM Journal of Research and Development}, title={A wireless LAN-based indoor positioning technology}, 
year={2004},    
volume={48}, 
number={5.6}, 
pages={617-626}, 
doi={10.1147/rd.485.0617}, 
ISSN={0018-8646},}



@incollection{taxonomy2007,
year={2007},
isbn={978-3-540-75159-5},
booktitle={Location- and Context-Awareness},
volume={4718},
series={Lecture Notes in Computer Science},
editor={Hightower, Jeffrey and Schiele, Bernt and Strang, Thomas},
doi={10.1007/978-3-540-75160-1_9},
title={A Taxonomy for Radio Location Fingerprinting},
url={http://dx.doi.org/10.1007/978-3-540-75160-1_9},
publisher={Springer Berlin Heidelberg},
author={Kjærgaard, MikkelBaun},
pages={139-156}
}


@inproceedings{ariadne2006,
 author = {Ji, Yiming and Biaz, Sa\^{a}d and Pandey, Santosh and Agrawal, Prathima},
 title = {ARIADNE: a dynamic indoor signal map construction and localization system},
 booktitle = {Proceedings of the 4th international conference on Mobile systems, applications and services},
 series = {MobiSys '06},
 year = {2006},
 isbn = {1-59593-195-3},
 location = {Uppsala, Sweden},
 pages = {151--164},
 numpages = {14},
 url = {http://doi.acm.org/10.1145/1134680.1134697},
 doi = {10.1145/1134680.1134697},
 acmid = {1134697},
 publisher = {ACM},
 address = {New York, NY, USA},
 keywords = {clustering, indoor radio propagation models, localization},
}


@inproceedings{roblocal2004,
 author = {Haeberlen, Andreas and Flannery, Eliot and Ladd, Andrew M. and Rudys, Algis and Wallach, Dan S. and Kavraki, Lydia E.},
 title = {Practical robust localization over large-scale 802.11 wireless networks},
 booktitle = {Proceedings of the 10th annual international conference on Mobile computing and networking},
 series = {MobiCom '04},
 year = {2004},
 isbn = {1-58113-868-7},
 location = {Philadelphia, PA, USA},
 pages = {70--84},
 numpages = {15},
 url = {http://doi.acm.org/10.1145/1023720.1023728},
 doi = {10.1145/1023720.1023728},
 acmid = {1023728},
 publisher = {ACM},
 address = {New York, NY, USA},
 keywords = {802.11, Bayesian methods, location-aware computing, mobile systems, topological localization, wireless networks},
} 
 


@INPROCEEDINGS{locadio2004, 
author={Krumm, J. and Horvitz, E.}, 
booktitle={Mobile and Ubiquitous Systems: Networking and Services, 2004. MOBIQUITOUS 2004. The First Annual International Conference on}, title={LOCADIO: inferring motion and location from Wi-Fi signal strengths}, 
year={2004}, 
pages={4-13}, 
keywords={hidden Markov models;mobile computing;mobility management (mobile radio);wireless LAN;802.11 wireless network;Wi-Fi signal strength;client location awareness;motion inference;two-state hidden Markov model;ubiquitous computing;Floors;Hidden Markov models;Motion measurement;Smoothing methods;Ubiquitous computing;Wireless sensor networks}, 
doi={10.1109/MOBIQ.2004.1331705},}



@inproceedings{Youssef2005,
 author = {Youssef, Moustafa and Agrawala, Ashok},
 title = {The Horus WLAN location determination system},
 booktitle = {Proceedings of the 3rd international conference on Mobile systems, applications, and services},
 series = {MobiSys '05},
 year = {2005},
 isbn = {1-931971-31-5},
 location = {Seattle, Washington},
 pages = {205--218},
 numpages = {14},
 url = {http://doi.acm.org/10.1145/1067170.1067193},
 doi = {10.1145/1067170.1067193},
 acmid = {1067193},
 publisher = {ACM},
 address = {New York, NY, USA},
}


@INPROCEEDINGS{1200692, 
author={Saha, S. and Chaudhuri, K. and Sanghi, D. and Bhagwat, P.}, 
booktitle={Wireless Communications and Networking, 2003. WCNC 2003. 2003 IEEE}, title={Location determination of a mobile device using IEEE 802.11b access point signals}, 
year={2003}, 
volume={3}, 
pages={1987-1992 vol.3}, 
keywords={mobile communication;mobile computing;radiofrequency interference;tracking;wireless LAN;IEEE 802.11b standard;RF signal;access point signal;environment random movement;error margin;interference;location determination;mobile device;multipath effect;noise;signal information;signal strength information database;wireless LAN;Computer science;Databases;Hardware;Pulse measurements;Radiofrequency interference;Testing;Time measurement;Transmitters;Wireless LAN;Working environment noise}, 
doi={10.1109/WCNC.2003.1200692}, 
ISSN={1525-3511},}


